<record><leader>00000cas a2200000 a 4500</leader><controlfield tag="001">10000467</controlfield><controlfield tag="008">831011c19579999fludr ne      0    0eng c</controlfield><datafield ind1=" " ind2=" " tag="010"><subfield code="a">sn 84031223 </subfield></datafield><datafield ind1=" " ind2=" " tag="040"><subfield code="a">FXG</subfield><subfield code="b">eng</subfield><subfield code="c">FXG</subfield><subfield code="d">NYG</subfield><subfield code="d">NYS</subfield><subfield code="d">FUG</subfield><subfield code="d">OCLCQ</subfield><subfield code="d">OCLCF</subfield><subfield code="d">OCLCO</subfield></datafield><datafield ind1="1" ind2=" " tag="029"><subfield code="a">AU@</subfield><subfield code="b">000025801074</subfield></datafield><datafield ind1=" " ind2=" " tag="042"><subfield code="a">pcc</subfield></datafield><datafield ind1=" " ind2=" " tag="043"><subfield code="a">n-us-fl</subfield></datafield><datafield ind1=" " ind2=" " tag="090"><subfield code="a">AP2</subfield><subfield code="b">.D3</subfield></datafield><datafield ind1="0" ind2=" " tag="130"><subfield code="a">Miami news (Miami, Fla. : 1957)</subfield></datafield><datafield ind1="1" ind2="4" tag="245"><subfield code="a">The Miami news.</subfield></datafield><datafield ind1=" " ind2=" " tag="260"><subfield code="a">Miami, Fla. :</subfield><subfield code="b">Daniel J. Mahoney,</subfield><subfield code="c">1957-</subfield></datafield><datafield ind1=" " ind2=" " tag="300"><subfield code="a">v. :</subfield><subfield code="b">ill. ;</subfield><subfield code="c">59 cm.</subfield></datafield><datafield ind1=" " ind2=" " tag="310"><subfield code="a">Daily (except Sunday),</subfield><subfield code="b">July 30, 1966-</subfield></datafield><datafield ind1=" " ind2=" " tag="321"><subfield code="a">Daily,</subfield><subfield code="b">Nov. 4, 1957-July 29, 1966</subfield></datafield><datafield ind1="0" ind2=" " tag="362"><subfield code="a">62nd year, no. 175 (Nov. 4, 1957)-</subfield></datafield><datafield ind1=" " ind2=" " tag="500"><subfield code="a">"The best newspaper under the sun."</subfield></datafield><datafield ind1=" " ind2=" " tag="500"><subfield code="a">Editor: W.C. Baggs.</subfield></datafield><datafield ind1=" " ind2=" " tag="500"><subfield code="a">Publishers: Daniel J. Mahoney; James Cox, July 30, 1966-</subfield></datafield><datafield ind1=" " ind2=" " tag="515"><subfield code="a">Issues for Nov. 5, 1957-Nov. 14, 1973 also called 62nd year, no. 175-78th year, no. 159.</subfield></datafield><datafield ind1=" " ind2=" " tag="530"><subfield code="a">Available on microfilm from Dakota Microfilm Service and Micro Photo Div., Bell &amp; Howell Co.</subfield></datafield><datafield ind1=" " ind2=" " tag="588"><subfield code="a">Latest issue consulted: 78th year, no. 159 (Nov. 14, 1973).</subfield></datafield><datafield ind1=" " ind2="0" tag="651"><subfield code="a">Miami (Fla.)</subfield><subfield code="v">Newspapers.</subfield></datafield><datafield ind1=" " ind2="0" tag="651"><subfield code="a">Miami-Dade County (Fla.)</subfield><subfield code="v">Newspapers.</subfield></datafield><datafield ind1=" " ind2="7" tag="655"><subfield code="a">Newspapers.</subfield><subfield code="2">fast</subfield><subfield code="0">(OCoLC)fst01423814</subfield></datafield><datafield ind1=" " ind2="7" tag="651"><subfield code="a">Florida</subfield><subfield code="z">Miami.</subfield><subfield code="2">fast</subfield><subfield code="0">(OCoLC)fst01213727</subfield></datafield><datafield ind1=" " ind2="7" tag="651"><subfield code="a">Florida</subfield><subfield code="z">Miami-Dade County.</subfield><subfield code="2">fast</subfield><subfield code="0">(OCoLC)fst01287298</subfield></datafield><datafield ind1=" " ind2=" " tag="752"><subfield code="a">United States</subfield><subfield code="b">Florida</subfield><subfield code="c">Dade</subfield><subfield code="d">Miami.</subfield></datafield><datafield ind1="0" ind2="0" tag="780"><subfield code="t">Miami daily news</subfield><subfield code="w">(DLC)sn 83016280</subfield><subfield code="w">(OCoLC)2733721</subfield></datafield></record>